
@article{morris_normology_2015,
	title = {Normology: Integrating insights about social norms to understand cultural dynamics},
	volume = {129},
	shorttitle = {Normology},
	pages = {1--13},
	journaltitle = {Organizational Behavior and Human Decision Processes},
	author = {Morris, Michael W. and Hong, Ying-yi and Chiu, Chi-yue and Liu, Zhi},
	date = {2015},
	note = {Publisher: Elsevier},
	file = {Full Text:C\:\\Users\\renat\\Zotero\\storage\\4LPECPDY\\S0749597815000084.html:text/html},
}

@article{derks_smartphone_2015,
	title = {Smartphone use and work–home interference: The moderating role of social norms and employee work engagement},
	volume = {88},
	shorttitle = {Smartphone use and work–home interference},
	pages = {155--177},
	number = {1},
	journaltitle = {Journal of Occupational and Organizational Psychology},
	author = {Derks, Daantje and van Duin, Desiree and Tims, Maria and Bakker, Arnold B.},
	date = {2015},
	note = {Publisher: Wiley Online Library},
	file = {Full Text:C\:\\Users\\renat\\Zotero\\storage\\ASVQ8U65\\Derks et al. - 2015 - Smartphone use and work–home interference The mod.pdf:application/pdf;Snapshot:C\:\\Users\\renat\\Zotero\\storage\\FB25DVNZ\\joop.html:text/html},
}

@article{stutzer_role_2004,
	title = {The role of social work norms in job searching and subjective well-being},
	volume = {2},
	pages = {696--719},
	number = {4},
	journaltitle = {Journal of the European Economic Association},
	author = {Stutzer, Alois and Lalive, Rafael},
	date = {2004},
	note = {Publisher: Oxford University Press},
	file = {Full Text:C\:\\Users\\renat\\Zotero\\storage\\29A7UMK7\\Stutzer and Lalive - 2004 - The role of social work norms in job searching and.pdf:application/pdf;Snapshot:C\:\\Users\\renat\\Zotero\\storage\\NHSDWQE5\\2280895.html:text/html},
}

@article{moser_role_2013,
	title = {The role of norms in virtual work: A review and agenda for future research.},
	volume = {12},
	shorttitle = {The role of norms in virtual work},
	pages = {1},
	number = {1},
	journaltitle = {Journal of Personnel Psychology},
	author = {Moser, Karin S. and Axtell, Carolyn M.},
	date = {2013},
	note = {Publisher: Hogrefe Publishing},
	file = {Full Text:C\:\\Users\\renat\\Zotero\\storage\\NMBEYSE9\\Moser and Axtell - 2013 - The role of norms in virtual work A review and ag.pdf:application/pdf;Snapshot:C\:\\Users\\renat\\Zotero\\storage\\TF2T2994\\2013-06956-001.html:text/html},
}

@article{lee_telework_2007,
	title = {Telework vs. central work: A comparative view of knowledge accessibility},
	volume = {43},
	shorttitle = {Telework vs. central work},
	pages = {687--700},
	number = {3},
	journaltitle = {Decision Support Systems},
	author = {Lee, {HongGirl} and Shin, Bongsik and Higa, Kunihiko},
	date = {2007},
	note = {Publisher: Elsevier},
	file = {Full Text:C\:\\Users\\renat\\Zotero\\storage\\PVQBHZ4I\\S0167923606002016.html:text/html},
}

@article{charalampous_systematically_2019,
	title = {Systematically reviewing remote e-workers’ well-being at work: A multidimensional approach},
	volume = {28},
	shorttitle = {Systematically reviewing remote e-workers’ well-being at work},
	pages = {51--73},
	number = {1},
	journaltitle = {European Journal of Work and Organizational Psychology},
	author = {Charalampous, Maria and Grant, Christine A. and Tramontano, Carlo and Michailidis, Evie},
	date = {2019},
	note = {Publisher: Taylor \& Francis},
	file = {Full Text:C\:\\Users\\renat\\Zotero\\storage\\PFV88T3N\\Charalampous et al. - 2019 - Systematically reviewing remote e-workers’ well-be.pdf:application/pdf;Snapshot:C\:\\Users\\renat\\Zotero\\storage\\HR9GJMUV\\1359432X.2018.html:text/html},
}

@article{steward_changing_2000,
	title = {Changing times: The meaning, measurement and use of time in teleworking},
	volume = {9},
	shorttitle = {Changing times},
	pages = {57--74},
	number = {1},
	journaltitle = {Time \& Society},
	author = {Steward, Barbara},
	date = {2000},
	note = {Publisher: Sage Publications},
	file = {Full Text:C\:\\Users\\renat\\Zotero\\storage\\LNUG37B6\\Steward - 2000 - Changing times The meaning, measurement and use o.pdf:application/pdf;Snapshot:C\:\\Users\\renat\\Zotero\\storage\\2KZ3UT4U\\0961463X00009001004.html:text/html},
}

@article{fay_coworker_2011,
	title = {Coworker relationships and informal communication in high-intensity telecommuting},
	volume = {39},
	pages = {144--163},
	number = {2},
	journaltitle = {Journal of Applied Communication Research},
	author = {Fay, Martha J. and Kline, Susan L.},
	date = {2011},
	note = {Publisher: Taylor \& Francis Group},
	file = {Snapshot:C\:\\Users\\renat\\Zotero\\storage\\VC5A8BS4\\00909882.2011.html:text/html},
}

@article{mcdonald_social_2015,
	title = {Social norms and social influence},
	volume = {3},
	pages = {147--151},
	journaltitle = {Current Opinion in Behavioral Sciences},
	author = {{McDonald}, Rachel I. and Crandall, Christian S.},
	date = {2015},
	note = {Publisher: Elsevier},
	file = {Full Text:C\:\\Users\\renat\\Zotero\\storage\\JYTPWZ6B\\S2352154615000558.html:text/html},
}

@article{orhan_invisible_2016,
	title = {Invisible, therefore isolated: Comparative effects of team virtuality with task virtuality on workplace isolation and work outcomes},
	volume = {32},
	shorttitle = {Invisible, therefore isolated},
	pages = {109--122},
	number = {2},
	journaltitle = {Revista de Psicología del Trabajo y de las Organizaciones},
	author = {Orhan, Mehmet A. and Rijsman, John B. and Van Dijk, Gerda M.},
	date = {2016},
	note = {Publisher: Elsevier},
	file = {Full Text:C\:\\Users\\renat\\Zotero\\storage\\LUWCTCLA\\S1576596216000141.html:text/html},
}

@article{wiesenfeld_organizational_2001,
	title = {Organizational identification among virtual workers: The role of need for affiliation and perceived work-based social support},
	volume = {27},
	shorttitle = {Organizational identification among virtual workers},
	pages = {213--229},
	number = {2},
	journaltitle = {Journal of management},
	author = {Wiesenfeld, Batia M. and Raghuram, Sumita and Garud, Raghu},
	date = {2001},
	note = {Publisher: Sage Publications Sage {CA}: Thousand Oaks, {CA}},
	file = {Full Text:C\:\\Users\\renat\\Zotero\\storage\\8Y9TB5AA\\Wiesenfeld et al. - 2001 - Organizational identification among virtual worker.pdf:application/pdf;Snapshot:C\:\\Users\\renat\\Zotero\\storage\\9NP9MD5Y\\014920630102700205.html:text/html},
}

@article{wang_knowledge_2009,
	title = {Knowledge transfer in virtual settings: the role of individual virtual competency},
	volume = {19},
	shorttitle = {Knowledge transfer in virtual settings},
	pages = {571--593},
	number = {6},
	journaltitle = {Information Systems Journal},
	author = {Wang, Yinglei and Haggerty, Nicole},
	date = {2009},
	note = {Publisher: Wiley Online Library},
	file = {Full Text:C\:\\Users\\renat\\Zotero\\storage\\6YHJA8FT\\Wang and Haggerty - 2009 - Knowledge transfer in virtual settings the role o.pdf:application/pdf;Snapshot:C\:\\Users\\renat\\Zotero\\storage\\5PQA6XND\\j.1365-2575.2008.00318.html:text/html},
}