
@article{freud_letter_1951,
	title = {A letter from {Freud}.},
	journal = {The American Journal of Psychiatry},
	author = {Freud, Sigmund},
	year = {1951},
	note = {Publisher: American Psychiatric Assn},
	file = {Snapshot:C\:\\Users\\John-o\\Zotero\\storage\\SQ6GAJ4S\\1952-00050-001.html:text/html}
}

@Manual{R-base,
  title = {R: A Language and Environment for Statistical Computing},
  author = {{R Core Team}},
  organization = {R Foundation for Statistical Computing},
  address = {Vienna, Austria},
  year = {2021},
  url = {https://www.R-project.org/},
}

@Manual{R-papaja,
  author = {Frederik Aust and Marius Barth},
  title = {{papaja}: {Create} {APA} manuscripts with {R Markdown}},
  year = {2020},
  note = {R package version 0.1.0.9997},
  url = {https://github.com/crsh/papaja},
}
