
@inproceedings{igeltjorn_homebased_2020,
	title = {Homebased telework as a tool for inclusion? A literature review of telework, disabilities and work-life balance},
	shorttitle = {Homebased telework as a tool for inclusion?},
	pages = {420--436},
	booktitle = {International Conference on Human-Computer Interaction},
	publisher = {Springer},
	author = {Igeltjørn, Anne and Habib, Laurence},
	date = {2020},
}

@article{biron_when_2016,
	title = {When control becomes a liability rather than an asset: Comparing home and office days among part-time teleworkers},
	volume = {37},
	shorttitle = {When control becomes a liability rather than an asset},
	pages = {1317--1337},
	number = {8},
	journaltitle = {Journal of Organizational Behavior},
	author = {Biron, Michal and van Veldhoven, Marc},
	date = {2016},
}

@article{golden_unpacking_2019,
	title = {Unpacking the role of a telecommuter’s job in their performance: examining job complexity, problem solving, interdependence, and social support},
	volume = {34},
	shorttitle = {Unpacking the role of a telecommuter’s job in their performance},
	pages = {55--69},
	number = {1},
	journaltitle = {Journal of Business and Psychology},
	author = {Golden, Timothy D. and Gajendran, Ravi S.},
	date = {2019},
}

@article{gajendran_are_2015,
	title = {Are telecommuters remotely good citizens? Unpacking telecommuting's effects on performance via i-deals and job resources},
	volume = {68},
	shorttitle = {Are telecommuters remotely good citizens?},
	pages = {353--393},
	number = {2},
	journaltitle = {Personnel Psychology},
	author = {Gajendran, Ravi S. and Harrison, David A. and Delaney-Klinger, Kelly},
	date = {2015},
}

@article{raghuram_virtual_2019,
	title = {Virtual work: bridging research clusters},
	volume = {13},
	shorttitle = {Virtual work},
	pages = {308--341},
	number = {1},
	journaltitle = {Academy of Management Annals},
	author = {Raghuram, Sumita and Hill, N. Sharon and Gibbs, Jennifer L. and Maruping, Likoebe M.},
	date = {2019},
}

@article{bakker_job_2017,
	title = {Job demands–resources theory: taking stock and looking forward.},
	volume = {22},
	shorttitle = {Job demands–resources theory},
	pages = {273},
	number = {3},
	journaltitle = {Journal of occupational health psychology},
	author = {Bakker, Arnold B. and Demerouti, Evangelia},
	date = {2017},
}

@article{purvanova_face--face_2014,
	title = {Face-to-face versus virtual teams: What have we really learned?},
	volume = {17},
	shorttitle = {Face-to-face versus virtual teams},
	pages = {2},
	number = {1},
	journaltitle = {The Psychologist-Manager Journal},
	author = {Purvanova, Radostina K.},
	date = {2014},
}

@article{capitano_when_2018,
	title = {When work enters the home: Antecedents of role boundary permeability behavior},
	volume = {109},
	shorttitle = {When work enters the home},
	pages = {87--100},
	journaltitle = {Journal of vocational behavior},
	author = {Capitano, Johnna and Greenhaus, Jeffrey H.},
	date = {2018},
}

@article{charalampous_systematically_2019,
	title = {Systematically reviewing remote e-workers’ well-being at work: a multidimensional approach},
	volume = {28},
	shorttitle = {Systematically reviewing remote e-workers’ well-being at work},
	pages = {51--73},
	number = {1},
	journaltitle = {European Journal of Work and Organizational Psychology},
	author = {Charalampous, Maria and Grant, Christine A. and Tramontano, Carlo and Michailidis, Evie},
	date = {2019},
}

@article{delanoeije_boundary_2019,
	title = {Boundary role transitions: A day-to-day approach to explain the effects of home-based telework on work-to-home conflict and home-to-work conflict},
	volume = {72},
	shorttitle = {Boundary role transitions},
	pages = {1843--1868},
	number = {12},
	journaltitle = {Human Relations},
	author = {Delanoeije, Joni and Verbruggen, Marijke and Germeys, Lynn},
	date = {2019},
}

@article{fonner_all_2012,
	title = {All in a day's work, at home: Teleworkers’ management of micro role transitions and the work–home boundary},
	volume = {27},
	shorttitle = {All in a day's work, at home},
	pages = {242--257},
	number = {3},
	journaltitle = {New Technology, Work and Employment},
	author = {Fonner, Kathryn L. and Stache, Lara C.},
	date = {2012},
}

@article{fay_coworker_2011,
	title = {Coworker relationships and informal communication in high-intensity telecommuting},
	volume = {39},
	pages = {144--163},
	number = {2},
	journaltitle = {Journal of Applied Communication Research},
	author = {Fay, Martha J. and Kline, Susan L.},
	date = {2011},
}

@article{gajendran_good_2007,
	title = {The good, the bad, and the unknown about telecommuting: meta-analysis of psychological mediators and individual consequences.},
	volume = {92},
	shorttitle = {The good, the bad, and the unknown about telecommuting},
	pages = {1524},
	number = {6},
	journaltitle = {Journal of applied psychology},
	author = {Gajendran, Ravi S. and Harrison, David A.},
	date = {2007},
}

@article{golden_impact_2005,
	title = {The impact of extent of telecommuting on job satisfaction: Resolving inconsistent findings},
	volume = {31},
	shorttitle = {The impact of extent of telecommuting on job satisfaction},
	pages = {301--318},
	number = {2},
	journaltitle = {Journal of management},
	author = {Golden, Timothy D. and Veiga, John F.},
	date = {2005},
}

@article{golden_telecommutings_2006,
	title = {Telecommuting's differential impact on work-family conflict: Is there no place like home?},
	volume = {91},
	shorttitle = {Telecommuting's differential impact on work-family conflict},
	pages = {1340},
	number = {6},
	journaltitle = {Journal of applied psychology},
	author = {Golden, Timothy D. and Veiga, John F. and Simsek, Zeki},
	date = {2006},
}

@article{golden_telecommutings_2006-1,
	title = {Telecommuting's differential impact on work-family conflict: Is there no place like home?},
	volume = {91},
	shorttitle = {Telecommuting's differential impact on work-family conflict},
	pages = {1340},
	number = {6},
	journaltitle = {Journal of applied psychology},
	author = {Golden, Timothy D. and Veiga, John F. and Simsek, Zeki},
	date = {2006},
}

@article{golden_applying_2009,
	title = {Applying technology to work: Toward a better understanding of telework},
	volume = {6},
	shorttitle = {Applying technology to work},
	pages = {241--250},
	number = {4},
	journaltitle = {Organization Management Journal},
	author = {Golden, Timothy D.},
	date = {2009},
}

@article{martin_is_2012,
	title = {Is telework effective for organizations?},
	journaltitle = {Management Research Review},
	author = {Martin, Brittany Harker and {MacDonnell}, Rhiannon},
	date = {2012},
}

@article{maruyama_multivariate_2009,
	title = {A multivariate analysis of work–life balance outcomes from a large-scale telework programme},
	volume = {24},
	pages = {76--88},
	number = {1},
	journaltitle = {New Technology, Work and Employment},
	author = {Maruyama, Takao and Hopkinson, Peter G. and James, Peter W.},
	date = {2009},
}

@article{park_employee_2019,
	title = {Employee Adaptive Performance and Its Antecedents: Review and Synthesis},
	volume = {18},
	shorttitle = {Employee Adaptive Performance and Its Antecedents},
	pages = {294--324},
	number = {3},
	journaltitle = {Human Resource Development Review},
	author = {Park, Sohee and Park, Sunyoung},
	date = {2019},
}

@article{allen_how_2015,
	title = {How effective is telecommuting? Assessing the status of our scientific findings},
	volume = {16},
	shorttitle = {How effective is telecommuting?},
	pages = {40--68},
	number = {2},
	journaltitle = {Psychological Science in the Public Interest},
	author = {Allen, Tammy D. and Golden, Timothy D. and Shockley, Kristen M.},
	date = {2015},
}

@article{aban_relationship_2019,
	title = {The relationship of organizational commitment, job satisfaction, and perceived organizational support of telecommuters in the national capital region},
	volume = {8},
	pages = {162--197},
	journaltitle = {Review of Integrative Business and Economics Research},
	author = {Aban, Christine Joy I. and Perez, Vincent Emmanuel B. and Ricarte, Kaila Keeshia G. and Chiu, Jason L.},
	date = {2019},
}

@article{bailey_review_2002,
	title = {A review of telework research: Findings, new directions, and lessons for the study of modern work},
	volume = {23},
	shorttitle = {A review of telework research},
	pages = {383--400},
	number = {4},
	journaltitle = {Journal of Organizational Behavior: The International Journal of Industrial, Occupational and Organizational Psychology and Behavior},
	author = {Bailey, Diane E. and Kurland, Nancy B.},
	date = {2002},
}

@article{baruch_teleworking_2000,
	title = {Teleworking: benefits and pitfalls as perceived by professionals and managers},
	volume = {15},
	shorttitle = {Teleworking},
	pages = {34--49},
	number = {1},
	journaltitle = {New technology, work and employment},
	author = {Baruch, Yehuda},
	date = {2000},
}

@article{beckers_worktime_2012,
	title = {Worktime control: theoretical conceptualization, current empirical knowledge, and research agenda},
	shorttitle = {Worktime control},
	pages = {291--297},
	journaltitle = {Scandinavian journal of work, environment \& health},
	author = {Beckers, Debby {GJ} and Kompier, Michiel {AJ} and Kecklund, Göran and Härmä, Mikko},
	date = {2012},
}

@article{beckmann_self-managed_2017,
	title = {Self-managed working time and employee effort: Theory and evidence},
	volume = {133},
	shorttitle = {Self-managed working time and employee effort},
	pages = {285--302},
	journaltitle = {Journal of Economic Behavior \& Organization},
	author = {Beckmann, Michael and Cornelissen, Thomas and Kräkel, Matthias},
	date = {2017},
}

@article{biron_when_2016-1,
	title = {When control becomes a liability rather than an asset: Comparing home and office days among part-time teleworkers},
	volume = {37},
	shorttitle = {When control becomes a liability rather than an asset},
	pages = {1317--1337},
	number = {8},
	journaltitle = {Journal of Organizational Behavior},
	author = {Biron, Michal and van Veldhoven, Marc},
	date = {2016},
}

@article{bloom_does_2015,
	title = {Does working from home work? Evidence from a Chinese experiment},
	volume = {130},
	shorttitle = {Does working from home work?},
	pages = {165--218},
	number = {1},
	journaltitle = {The Quarterly Journal of Economics},
	author = {Bloom, Nicholas and Liang, James and Roberts, John and Ying, Zhichun Jenny},
	date = {2015},
}

@article{bloom_does_2015-1,
	title = {Does working from home work? Evidence from a Chinese experiment},
	volume = {130},
	shorttitle = {Does working from home work?},
	pages = {165--218},
	number = {1},
	journaltitle = {The Quarterly Journal of Economics},
	author = {Bloom, Nicholas and Liang, James and Roberts, John and Ying, Zhichun Jenny},
	date = {2015},
}

@article{delanoeije_boundary_2019-1,
	title = {Boundary role transitions: A day-to-day approach to explain the effects of home-based telework on work-to-home conflict and home-to-work conflict},
	volume = {72},
	shorttitle = {Boundary role transitions},
	pages = {1843--1868},
	number = {12},
	journaltitle = {Human Relations},
	author = {Delanoeije, Joni and Verbruggen, Marijke and Germeys, Lynn},
	date = {2019},
}

@article{dutcher_effects_2012,
	title = {The effects of telecommuting on productivity: An experimental examination. The role of dull and creative tasks},
	volume = {84},
	shorttitle = {The effects of telecommuting on productivity},
	pages = {355--363},
	number = {1},
	journaltitle = {Journal of Economic Behavior \& Organization},
	author = {Dutcher, E. Glenn},
	date = {2012},
}

@article{fay_coworker_2011-1,
	title = {Coworker relationships and informal communication in high-intensity telecommuting},
	volume = {39},
	pages = {144--163},
	number = {2},
	journaltitle = {Journal of Applied Communication Research},
	author = {Fay, Martha J. and Kline, Susan L.},
	date = {2011},
}

@article{fonner_why_2010,
	title = {Why teleworkers are more satisfied with their jobs than are office-based workers: When less contact is beneficial},
	volume = {38},
	shorttitle = {Why teleworkers are more satisfied with their jobs than are office-based workers},
	pages = {336--361},
	number = {4},
	journaltitle = {Journal of Applied Communication Research},
	author = {Fonner, Kathryn L. and Roloff, Michael E.},
	date = {2010},
}

@incollection{fonner_teleworkers_2012,
	title = {Teleworkers’ boundary management: Temporal, spatial, and expectation-setting strategies},
	shorttitle = {Teleworkers’ boundary management},
	pages = {31--58},
	booktitle = {Virtual work and human interaction research},
	publisher = {{IGI} Global},
	author = {Fonner, Kathryn L. and Stache, Lara C.},
	date = {2012},
}